@PREAMBLE{ "\newcommand{\noopsort}[1]{} "
        # "\newcommand{\printfirst}[2]{#1} "
        # "\newcommand{\singleletter}[1]{#1} "
        # "\newcommand{\switchargs}[2]{#2#1} " }

@BOOK{Lamport:Latex,
    author = "Leslie LAMPORT",
    title = "LaTeX - A Document Preparation System",
    address = "Boston",
    publisher = "Addison-Wesley",
    year = "1994",
    volume = "1.~vyd.",
    isbn = "0-201-52983-1",
}

@BOOK{Rybicka:Latex,
    author = "Ji{\v{r}}{\'{i}} Rybi{\v{c}}ka",
    title = "Latex pro za{\v{c}}{\'{a}}te{\v{c}}n{\'{i}}ky",
    address = "Brno",
    publisher = "Konvoj",
    year = "2003",
    volume = "3.~vyd.",
    isbn = "80-7302-049-1",
}


@ONLINE{Martinek:Latexove_specialty,
    author = "David Mart{\'{i}}nek",
    title = "LaTeXov{\'{e}} specialty",
    year = "2010",
    cited = "21.\,4.\,2010",
    url = "http://www.fit.vutbr.cz/\tylda martinek/latex/index.html"
}

@ONLINE{Pecina:typomil,
    author = "Martin Pecina",
    title = "Typomil - Sazba",
    year = "2005",
    cited = "21.\,4.\,2010",
    url = "http://typomil.com/sazba.htm"
}

@ONLINE{Jitka:gutenberg,
    author = "Jitka Bachanov{\'{a}}",
    title = "Knihtisk a {\v{z}}ivot Johanna Gutenberga",
    year = "2003",
    publisher = "Galaktis",
    cited = "21.\,1.\,2010",
    url = "http://galaktis.cz/clanek/knihtisk-a-zivot-johanna-gutenberga/"
}


@ARTICLE{Cisza:uvod_do_latexu,
    author = "Petr Cisza",
    title = "{\'{U}vod do LaTeXu}",
    journal = "Computer",
    year = "2005",
    volume = "10",
    pages = "51",
}

@ARTICLE{Johannes_Bergerhausen:demokratizace,
    author = "Johannes Bergerhausen",
    title = "Demokratizace znak{\r{u}}",
    journal = "Typo",
    year = "2005",
    volume = "16",
    pages = "5--8",
}

@INPROCEEDINGS{Krena:typografie,
   author = {Bohuslav K{\v{r}}ena},
   title = {Zaveden{\'{i}} p{\v{r}}edm{\v{e}}tu Typografie a publikov{\'{a}}n{\'{i}} na FIT VUT v Brn{\v{e}}},
   pages = {57--58},
   booktitle = {Informatika XXI/2008},
   year = {2008},
   address = {Luha{\v{c}}ovice, CZ},
   publisher = {Konvoj},
   ISBN = {978-80-7302-151-1},
   language = {czech},
   url = {http://www.fit.vutbr.cz/research/view_pub.php?id=8568}
}

@MASTERSTHESIS{Divila:revizni_system,
    author = "Jaroslav Divila",
    title = "Reverzn{\'{i}} syst{\'{e}}m pro LATEX",
    school = "VUT-FIT",
    year = "2010",
    address = "Brno",
    type = "Bakal{\'{a}}{\v{r}}sk{\'{a}} pr{\'{a}}ce",
}

@MASTERSTHESIS{Pysny:bibtex,
    author = "Radek Py{\v{s}}n{\'{y}}",
    title = "Bibtex styl pro {\v{C}}SN ISO 690 A {\v{C}}SN ISO 690-2",
    school = "VUT-FIT",
    year = "2009",
    address = "Brno",
    type = "Bakal{\'{a}}{\v{r}}sk{\'{a}} pr{\'{a}}ce",
}
